

@ARTICLE{2000PASP..112.1383D,
       author = {{Dolphin}, Andrew E.},
        title = "{WFPC2 Stellar Photometry with HSTPHOT}",
      journal = {\pasp},
     keywords = {Techniques: Photometric, Astrophysics},
         year = "2000",
        month = "Oct",
       volume = {112},
       number = {776},
        pages = {1383-1396},
          doi = {10.1086/316630},
archivePrefix = {arXiv},
       eprint = {astro-ph/0006217},
 primaryClass = {astro-ph},
       adsurl = {https://ui.adsabs.harvard.edu/abs/2000PASP..112.1383D},
      adsnote = {Provided by the SAO/NASA Astrophysics Data System}
}

@ARTICLE{Camilo2016,
       author = {{Camilo}, F. and {Reynolds}, J.~E. and {Ransom}, S.~M. and
         {Halpern}, J.~P. and {Bogdanov}, S. and {Kerr}, M. and {Ray}, P.~S. and
         {Cordes}, J.~M. and {Sarkissian}, J. and {Barr}, E.~D. and
         {Ferrara}, E.~C.},
        title = "{Discovery of a Millisecond Pulsar in the 5.4 day Binary 3FGL J1417.5-4402: Observing the Late Phase of Pulsar Recycling}",
      journal = {\apj},
     keywords = {pulsars: individual: PSR J1417─4402, Astrophysics - Solar and Stellar Astrophysics, Astrophysics - High Energy Astrophysical Phenomena},
         year = 2016,
        month = mar,
       volume = {820},
       number = {1},
          eid = {6},
        pages = {6},
          doi = {10.3847/0004-637X/820/1/6},
archivePrefix = {arXiv},
       eprint = {1603.00142},
 primaryClass = {astro-ph.SR},
       adsurl = {https://ui.adsabs.harvard.edu/abs/2016ApJ...820....6C},
      adsnote = {Provided by the SAO/NASA Astrophysics Data System}
}



@ARTICLE{1976Ap&SS..39..447L,
       author = {{Lomb}, N.~R.},
        title = "{Least-Squares Frequency Analysis of Unequally Spaced Data}",
      journal = {\apss},
     keywords = {Astronomy, Data Reduction, Least Squares Method, Background Noise, Power Spectra, Sine Waves, Spectrum Analysis, Statistical Analysis, Variable Stars, Astronomy},
         year = "1976",
        month = "Feb",
       volume = {39},
       number = {2},
        pages = {447-462},
          doi = {10.1007/BF00648343},
       adsurl = {https://ui.adsabs.harvard.edu/abs/1976Ap&SS..39..447L},
      adsnote = {Provided by the SAO/NASA Astrophysics Data System}
}

@ARTICLE{FlowerBolometric1996,
       author = {{Flower}, Phillip J.},
        title = "{Transformations from Theoretical Hertzsprung-Russell Diagrams to Color-Magnitude Diagrams: Effective Temperatures, B-V Colors, and Bolometric Corrections}",
      journal = {\apj},
     keywords = {STARS: ATMOSPHERES, STARS: EARLY-TYPE, STARS: FUNDAMENTAL PARAMETERS, STARS: LATE-TYPE, STARS: SUPERGIANTS, STARS: HERTZSPRUNG-RUSSELL DIAGRAM},
         year = 1996,
        month = sep,
       volume = {469},
        pages = {355},
          doi = {10.1086/177785},
       adsurl = {https://ui.adsabs.harvard.edu/abs/1996ApJ...469..355F},
      adsnote = {Provided by the SAO/NASA Astrophysics Data System}
}



@ARTICLE{1982ApJ...263..835S,
       author = {{Scargle}, J.~D.},
        title = "{Studies in astronomical time series analysis. II. Statistical aspects of spectral analysis of unevenly spaced data.}",
      journal = {\apj},
     keywords = {Astronomy, Signal Detection, Spectrum Analysis, Statistical Distributions, Time Series Analysis, Fourier Transformation, Frequency Response, Power Spectra, Signal To Noise Ratios, Astronomy},
         year = "1982",
        month = "Dec",
       volume = {263},
        pages = {835-853},
          doi = {10.1086/160554},
       adsurl = {https://ui.adsabs.harvard.edu/abs/1982ApJ...263..835S},
      adsnote = {Provided by the SAO/NASA Astrophysics Data System}
}

@ARTICLE{harris_catalog_1996,
       author = {{Harris}, William E.},
        title = "{A Catalog of Parameters for Globular Clusters in the Milky Way}",
      journal = {\aj},
     keywords = {GLOBULAR CLUSTERS: GENERAL, CATALOGS},
         year = 1996,
        month = oct,
       volume = {112},
        pages = {1487},
          doi = {10.1086/118116},
       adsurl = {https://ui.adsabs.harvard.edu/abs/1996AJ....112.1487H},
      adsnote = {Provided by the SAO/NASA Astrophysics Data System}
}




@article{mclaughlin_resolved_2005,
        title = {Resolved {Massive} {Star} {Clusters} in the {Milky} {Way} and {Its} {Satellites}: {Brightness} {Profiles} and a {Catalog} of {Fundamental} {Parameters}},
        volume = {161},
        issn = {0067-0049, 1538-4365},
        shorttitle = {Resolved {Massive} {Star} {Clusters} in the {Milky} {Way} and {Its} {Satellites}},
        url = {http://stacks.iop.org/0067-0049/161/i=2/a=304},
        doi = {10.1086/497429},
        language = {en},
        number = {2},
        urldate = {2016-05-24TZ},
        journal = {\apjs},
        author = {McLaughlin, Dean E. and van der Marel, Roeland P.},
        month = dec,
        year = {2005},
        pages = {304--360}
}

@ARTICLE{cool_discovery_1993,
       author = {{Cool}, Adrienne M. and {Grindlay}, Jonathan E. and
         {Krockenberger}, Martin and {Bailyn}, Charles D.},
        title = "{Discovery of Multiple Low-Luminosity X-Ray Sources in NGC 6397}",
      journal = {\apjl},
     keywords = {Binary Stars, Globular Clusters, Rosat Mission, Stellar Luminosity, X Ray Stars, Cataclysmic Variables, X Ray Sources, Astrophysics},
         year = 1993,
        month = jun,
       volume = {410},
        pages = {L103},
          doi = {10.1086/186890},
       adsurl = {https://ui.adsabs.harvard.edu/abs/1993ApJ...410L.103C},
      adsnote = {Provided by the SAO/NASA Astrophysics Data System}
}



@article{cool_discovery_1995,
        title = {Discovery of candidate cataclysmic variables in the post-core-collapse globular cluster {NGC} 6397},
        volume = {439},
        issn = {0004-637X, 1538-4357},
        url = {http://adsabs.harvard.edu/doi/10.1086/175209},
        doi = {10.1086/175209},
        language = {en},
        urldate = {2016-05-25TZ},
        journal = {\apj},
        author = {Cool, Adrienne M. and Grindlay, Johnathan E. and Cohn, Haldan N. and Lugger, Phyllis M. and Slavin, Shawn D.},
        month = feb,
        year = {1995},
        pages = {695}
}

@ARTICLE{Cool98,
       author = {{Cool}, Adrienne M. and {Grindlay}, Jonathan E. and {Cohn}, Haldan N. and
         {Lugger}, Phyllis M. and {Bailyn}, Charles D.},
        title = "{Cataclysmic Variables and a New Class of Faint Ultraviolet Stars in the Globular Cluster NGC 6397}",
      journal = {\apjl},
     keywords = {STARS: BINARIES: CLOSE, GALAXY: GLOBULAR CLUSTERS: INDIVIDUAL: NGC NUMBER: NGC 6397, STARS: HERTZSPRUNG-RUSSELL DIAGRAM, STARS: NOVAE, CATACLYSMIC VARIABLES, STARS: WHITE DWARFS, Stars: Binaries: Close, Galaxy: Globular Clusters: Individual: NGC Number: NGC 6397, Stars: Hertzsprung-Russell Diagram, Stars: Novae, Cataclysmic Variables, Stars: White Dwarfs, Astrophysics},
         year = 1998,
        month = nov,
       volume = {508},
       number = {1},
        pages = {L75-L79},
          doi = {10.1086/311730},
archivePrefix = {arXiv},
       eprint = {astro-ph/9809340},
 primaryClass = {astro-ph},
       adsurl = {https://ui.adsabs.harvard.edu/abs/1998ApJ...508L..75C},
      adsnote = {Provided by the SAO/NASA Astrophysics Data System}
}


@ARTICLE{DamicoU12,
       author = {{D'Amico}, N. and {Possenti}, A. and {Manchester}, R.~N. and
         {Sarkissian}, J. and {Lyne}, A.~G. and {Camilo}, F.},
        title = "{An Eclipsing Millisecond Pulsar with a Possible Main-Sequence Companion in NGC 6397}",
      journal = {\apjl},
     keywords = {Stars: Binaries: Close, Galaxy: Globular Clusters: Individual: NGC Number: NGC 6397, pulsars: individual (PSR J1740-5340), Astrophysics},
         year = "2001",
        month = "Nov",
       volume = {561},
       number = {1},
        pages = {L89-L92},
          doi = {10.1086/324562},
archivePrefix = {arXiv},
       eprint = {astro-ph/0108250},
 primaryClass = {astro-ph},
       adsurl = {https://ui.adsabs.harvard.edu/abs/2001ApJ...561L..89D},
      adsnote = {Provided by the SAO/NASA Astrophysics Data System}
}

@ARTICLE{Ferraro01,
       author = {{Ferraro}, Francesco R. and {Possenti}, Andrea and {D'Amico}, Nichi and
         {Sabbi}, Elena},
        title = "{The Bright Optical Companion to the Eclipsing Millisecond Pulsar in NGC 6397}",
      journal = {\apjl},
     keywords = {Stars: Binaries: Close, Galaxy: Globular Clusters: Individual: NGC Number: NGC 6397, pulsars: individual (PSR J1740-5340), Stars: Evolution, Stars: Mass Loss, Stars: Neutron, Astrophysics},
         year = 2001,
        month = nov,
       volume = {561},
       number = {1},
        pages = {L93-L96},
          doi = {10.1086/324563},
archivePrefix = {arXiv},
       eprint = {astro-ph/0108252},
 primaryClass = {astro-ph},
       adsurl = {https://ui.adsabs.harvard.edu/abs/2001ApJ...561L..93F},
      adsnote = {Provided by the SAO/NASA Astrophysics Data System}
}


@article{grindlay_chandra_2001,
        title = {Chandra {Exposes} the {Core}-collapsed {Globular} {Cluster} {NGC} 6397},
        volume = {563},
        issn = {1538-4357},
        url = {http://stacks.iop.org/1538-4357/563/i=1/a=L53},
        doi = {10.1086/338499},
        abstract = {We report results of the Chandra deep-imaging observation of the closest post-core-collapse globular cluster, NGC 6397. Some 25 sources are detected within 2' of the cluster center, of which 20 are likely cluster members, with L X \#\#IMG\#\# [http://ej.iop.org/icons/Entities/gtrsim.gif] gtrsim 3 × 10 29 ergs s -1 . The X-ray spectra suggest identifications with one quiescent low-mass X-ray binary (qLMXB) detected by the thermal emission from its neutron star (NS) and nine cataclysmic variables (CVs), eight of which are identified in our deep Hubble Space Telescope ( HST ) imaging survey (reported separately). Three (of 16) BY Dra main-sequence binary candidates identified in our earlier HST imaging study (Taylor et al.) are detected, of which one is indeed the counterpart of the eclipsing millisecond pulsar (MSP) as recently identified by Ferraro et al. Two other BY Dra candidates are also detected, whereas none of the probable He white dwarf (WD) binaries identified by Taylor et al. are, indicating they do not contain MSP primaries. The ratio of CVs to MSPs appears to be 10 times greater than in 47 Tuc.},
        language = {en},
        number = {1},
        urldate = {2016-05-25TZ},
        journal = {\apjl},
        author = {Grindlay, J. E. and Heinke, C. O. and Edmonds, P. D. and Murray, S. S. and Cool, A. M.},
        year = {2001},
        pages = {L53}
}
~
@ARTICLE{Heinke14,
       author = {{Heinke}, C.~O. and {Cohn}, H.~N. and {Lugger}, P.~M. and {Webb}, N.~A. and
         {Ho}, W.~C.~G. and {Anderson}, J. and {Campana}, S. and {Bogdanov}, S. and
         {Haggard}, D. and {Cool}, A.~M. and {Grindlay}, J.~E.},
        title = "{Improved mass and radius constraints for quiescent neutron stars in {\ensuremath{\omega}} Cen and NGC 6397}",
      journal = {\mnras},
     keywords = {dense matter, stars: neutron, globular clusters: individual: NGC 6397, globular clusters: individual: NGC 5139, X-rays: binaries, Astrophysics - High Energy Astrophysical Phenomena, Nuclear Theory},
         year = 2014,
        month = oct,
       volume = {444},
       number = {1},
        pages = {443-456},
          doi = {10.1093/mnras/stu1449},
archivePrefix = {arXiv},
       eprint = {1406.1497},
 primaryClass = {astro-ph.HE},
       adsurl = {https://ui.adsabs.harvard.edu/abs/2014MNRAS.444..443H},
      adsnote = {Provided by the SAO/NASA Astrophysics Data System}
}

@ARTICLE{Shara05,
       author = {{Shara}, Michael M. and {Hinkley}, Sasha and {Zurek}, David R. and
         {Knigge}, C. and {Dieball}, A.},
        title = "{Erupting Cataclysmic Variable Stars in the Nearest Globular Cluster, NGC 6397: Intermediate Polars?}",
      journal = {\aj},
     keywords = {Stars: Dwarf Novae, Stars: Novae, Cataclysmic Variables, Astrophysics},
         year = 2005,
        month = oct,
       volume = {130},
       number = {4},
        pages = {1829-1833},
          doi = {10.1086/444419},
archivePrefix = {arXiv},
       eprint = {astro-ph/0506709},
 primaryClass = {astro-ph},
       adsurl = {https://ui.adsabs.harvard.edu/abs/2005AJ....130.1829S},
      adsnote = {Provided by the SAO/NASA Astrophysics Data System}
}

@ARTICLE{Bogdanov05,
       author = {{Bogdanov}, Slavko and {Grindlay}, Jonathan E. and
         {van den Berg}, Maureen},
        title = "{An X-Ray Variable Millisecond Pulsar in the Globular Cluster 47 Tucanae: Closing the Link to Low-Mass X-Ray Binaries}",
      journal = {\apj},
     keywords = {Stars: Pulsars: General, Stars: Pulsars: Individual: Alphanumeric: PSR J0024-7204W, Stars: Neutron, X-Rays: Stars, Astrophysics},
         year = 2005,
        month = sep,
       volume = {630},
       number = {2},
        pages = {1029-1036},
          doi = {10.1086/432249},
archivePrefix = {arXiv},
       eprint = {astro-ph/0506031},
 primaryClass = {astro-ph},
       adsurl = {https://ui.adsabs.harvard.edu/abs/2005ApJ...630.1029B},
      adsnote = {Provided by the SAO/NASA Astrophysics Data System}
}

@ARTICLE{bogdanov_chandra_2010,
       author = {{Bogdanov}, Slavko and {van den Berg}, Maureen and {Heinke}, Craig O. and
         {Cohn}, Haldan N. and {Lugger}, Phyllis M. and {Grindlay}, Jonathan E.},
        title = "{A Chandra X-ray Observatory Study of PSR J1740-5340 and Candidate Millisecond Pulsars in the Globular Cluster NGC 6397}",
      journal = {\apj},
     keywords = {globular clusters: general, globular clusters: individual: NGC 6397, pulsars: general, pulsars: individual: PSR J1740-5340, stars: neutron, X-rays: stars, Astrophysics - High Energy Astrophysical Phenomena},
         year = 2010,
        month = jan,
       volume = {709},
       number = {1},
        pages = {241-250},
          doi = {10.1088/0004-637X/709/1/241},
archivePrefix = {arXiv},
       eprint = {0911.3146},
 primaryClass = {astro-ph.HE},
       adsurl = {https://ui.adsabs.harvard.edu/abs/2010ApJ...709..241B},
      adsnote = {Provided by the SAO/NASA Astrophysics Data System}
}




@ARTICLE{Bogdanov2011Pulsar,
       author = {{Bogdanov}, Slavko and {Archibald}, Anne M. and {Hessels}, Jason W.~T. and
         {Kaspi}, Victoria M. and {Lorimer}, Duncan and {McLaughlin}, Maura A. and
         {Ransom}, Scott M. and {Stairs}, Ingrid H.},
        title = "{A Chandra X-Ray Observation of the Binary Millisecond Pulsar PSR J1023+0038}",
      journal = {\apj},
     keywords = {pulsars: general, pulsars: individual: PSR J1023+0038, stars: neutron, X-rays: stars, Astrophysics - High Energy Astrophysical Phenomena},
         year = 2011,
        month = dec,
       volume = {742},
       number = {2},
          eid = {97},
        pages = {97},
          doi = {10.1088/0004-637X/742/2/97},
archivePrefix = {arXiv},
       eprint = {1108.5753},
 primaryClass = {astro-ph.HE},
       adsurl = {https://ui.adsabs.harvard.edu/abs/2011ApJ...742...97B},
      adsnote = {Provided by the SAO/NASA Astrophysics Data System}
}




@article{taylor_helium_2001,
        title = {Helium {White} {Dwarfs} and {BY} {Draconis} {Binaries} in the {Globular} {Cluster} {NGC} 6397},
        volume = {553},
        issn = {1538-4357},
        url = {http://stacks.iop.org/1538-4357/553/i=2/a=L169},
        doi = {10.1086/320676},
        abstract = {We examine 15 orbits of Hubble Space Telescope observations of the nearby post-core-collapsed globular cluster NGC 6397 using narrowband photometry in Hα with broadband photometry in V , R , and I . We recover the candidate helium white dwarfs (He WDs) recently discovered by Cool et al., of which one was examined spectroscopically by Edmonds et al., along with a sequence of these objects extending down to the magnitude limit of the survey. We also find a sequence of stars with weak Hα emission and magnitudes characteristic of BY Draconis stars; their offset above the main sequence also suggests they are probable binaries. The radial distributions for both the He WD and BY Dra candidates are significantly more centrally concentrated than the main-sequence stars, suggesting that indeed both populations are in binary systems.},
        language = {en},
        number = {2},
        urldate = {2016-03-07TZ},
        journal = {\apjl},
        author = {Taylor, J. M. and Grindlay, J. E. and Edmonds, P. D. and Cool, A. M.},
        year = {2001},
        pages = {L169}
}
~
@article{grindlay_compact_2006,
        title = {Compact {X}-ray binaries in and out of core collapsed globulars},
        volume = {38},
        issn = {02731177},
        url = {http://linkinghub.elsevier.com/retrieve/pii/S0273117706002511},
        doi = {10.1016/j.asr.2006.04.027},
        language = {en},
        number = {12},
        urldate = {2016-05-25TZ},
        journal = {Advances in Space Research},
        author = {Grindlay, Jonathan E.},
        month = jan,
        year = {2006},
        pages = {2923--2929}
}
~
@article{edmonds_cataclysmic_1999,
        title = {Cataclysmic {Variables} and a {Candidate} {Helium} {White} {Dwarf} in the {Globular} {Cluster} {NGC} 6397},
        volume = {516},
        issn = {0004-637X},
        url = {http://stacks.iop.org/0004-637X/516/i=1/a=250},
        doi = {10.1086/307106},
        abstract = {We have used the Hubble Space Telescope ( HST ) and the Faint Object Spectrograph (FOS) to study faint UV stars in the core of the nearby globular cluster NGC 6397. We confirm the presence of a fourth cataclysmic variable (CV) in NGC 6397 (hereafter CV 4), and we use the photometry of Cool et al. to present evidence that CVs 1-4 all have faint disks and probably low accretion rates. By combining these results with new UV spectra of CV 1 and the published spectra of Grindlay et al., we present new evidence that CVs 1-3 may be DQ Her systems, as originally suggested by Grindlay et al., and we show that CV 4 may either be a dwarf nova or another magnetic system. Another possibility is that the CVs could be old novae in hibernation between nova eruptions. We also present the first spectrum of a member of a new class of UV bright stars in NGC 6397. These faint, hot stars do not vary, unlike the CVs, and are thus denoted as "nonflickerers" (NFs). Like the CVs, their spatial concentration is strongly concentrated toward the cluster center. Using detailed comparisons with stellar atmosphere models, we have determined log g =6.25 ± 1.0 and T eff =17,500 ± 5,000 K for this NF. Using these line parameters and the luminosity of the NF, we show that the NF spectrum is consistent with a helium WD having a mass of 0.25 M ☉ and an age between 0.1 and 0.5 Gyr (depending on the models used). The NF spectrum appears to be significantly Doppler shifted from the expected wavelength, suggesting the presence of a dark, massive companion, probably a carbon-oxygen (CO) WD.},
        language = {en},
        number = {1},
        urldate = {2016-02-23TZ},
        journal = {\apj},
        author = {Edmonds, Peter D. and Grindlay, Jonathan E. and Cool, Adrienne and Cohn, Haldan and Lugger, Phyllis and Bailyn, Charles},
        year = {1999},
        pages = {250}
}

~
@article{kaluzny_photometric_2006,
        title = {Photometric study of the variable star population in the globular cluster {NGC} 6397},
        volume = {365},
        issn = {0035-8711},
        url = {http://adsabs.harvard.edu/abs/2006MNRAS.365..548K},
        doi = {10.1111/j.1365-2966.2005.09734.x},
        abstract = {We present the results of a photometric survey for variable stars in the 
central region of the nearby globular cluster NGC 6397. Time-series
photometry was obtained for 30 variable objects. The sample includes 12
new objects, of which six show periodic light curves and two are
eclipsing binaries of unknown period. Six variables possess certain and
three possess likely X-ray counterparts detected with the Chandra
observatory. Among them, four are cataclysmic variables and one is a
foreground eclipsing binary. The cataclysmic variable CV2 exhibited a
likely dwarf nova type outburst in 2003 May. The cataclysmic variable
CV3 was observed at 18.5 {\textless} V {\textless} 20.0 during five observing runs,
but went into a low state in 2003 May when it reached V {\textgreater} 22. We have
found that the light curve of the optical companion to the millisecond
pulsar PSR J1740-5340 exhibits noticeable changes of its amplitude on a
time-scale of a few months. A shallow eclipse with ΔV= 0.03 mag
was detected in one of the cluster turn-off stars suggesting the
presence of a large planet or brown dwarf in orbit.},
        urldate = {2016-04-19TZ},
        journal = {\mnras},
        author = {Kaluzny, J. and Thompson, I. B. and Krzeminski, W. and Schwarzenberg-Czerny, A.},
        month = jan,
        year = {2006},
        keywords = {CATACLYSMIC VARIABLES, globular clusters: individual: NGC 6397, novae, stars: variables: other},
        pages = {548--554}
}
~
~
@article{kaluzny_time_2003,
        title = {Time {Series} {Photometry} of {Variable} {Stars} in the {Globular} {Cluster} {NGC} 6397},
        volume = {125},
        issn = {0004-6256, 1538-3881},
        url = {http://stacks.iop.org/1538-3881/125/i=5/a=2534},
        doi = {10.1086/374236},
        language = {en},
        number = {5},
        urldate = {2016-05-25TZ},
        journal = {\apj},
        author = {Kaluzny, J. and Thompson, I. B.},
        month = may,
        year = {2003},
        pages = {2534--2542}
}


@ARTICLE{cohn_identification_2010,
       author = {{Cohn}, Haldan N. and {Lugger}, Phyllis M. and {Couch}, Sean M. and
         {Anderson}, Jay and {Cool}, Adrienne M. and {van den Berg}, Maureen and
         {Bogdanov}, Slavko and {Heinke}, Craig O. and {Grindlay}, Jonathan E.},
        title = "{Identification of Faint Chandra X-ray Sources in the Core-collapsed Globular Cluster NGC 6397: Evidence for a Bimodal Cataclysmic Variable Population}",
      journal = {\apj},
     keywords = {globular clusters: individual: NGC 6397, novae, cataclysmic variables, X-rays: binaries, Astrophysics - Galaxy Astrophysics},
         year = 2010,
        month = oct,
       volume = {722},
       number = {1},
        pages = {20-32},
          doi = {10.1088/0004-637X/722/1/20},
archivePrefix = {arXiv},
       eprint = {1106.1927},
 primaryClass = {astro-ph.GA},
       adsurl = {https://ui.adsabs.harvard.edu/abs/2010ApJ...722...20C},
      adsnote = {Provided by the SAO/NASA Astrophysics Data System}
}






@article{grindlay_spectroscopic_1995,
        title = {Spectroscopic {Identification} of {Probable} {Cataclysmic} {Variables} in the {Globular} {Cluster} {NGC} 6397},
        volume = {455},
        issn = {0004-637X},
        url = {http://adsabs.harvard.edu/abs/1995ApJ...455L..47G},
        doi = {10.1086/309806},
        abstract = {The existence of compact binaries in dense clusters is of considerable 
interest for testing theories of binary production and evolution, as
well as the dynamical evolution and survival of the clusters in which
they reside. Here, using the newly repaired Hubble Space Telescope to
observe the collapsed core of the nearby globular cluster NGC 6397, we
report the first spectra of stars well below the main-sequence turnoff
near the center of a dense globular star cluster. The spectra confirm
our WFPC1 photometry that these objects are almost certainly the
long-sought population of cataclysmic variables (CVs) in globulars, and
that they are the likely counterparts for the recently discovered
(ROSAT) low-luminosity X-ray sources in this cluster. The spectra
suggest the CVs are magnetic (DQ Her type), raising the intriguing
possibility that magnetic white dwarfs are preferentially produced in
globular cluster cores.},
        urldate = {2016-03-10TZ},
        journal = {\apjl},
        author = {Grindlay, J. E. and Cool, A. M. and Callanan, P. J. and Bailyn, C. D. and Cohn, H. N. and Lugger, P. M.},
        month = dec,
        year = {1995},
        keywords = {CATACLYSMIC VARIABLES, GALAXY: GLOBULAR CLUSTERS: INDIVIDUAL NGC NUMBER: NGC 6397, GALAXY: STELLAR CONTENT, STARS: BINARIES: GENERAL, STARS: NOVAE, STARS: STATISTICS, STARS: WHITE DWARFS, X-RAYS: STARS},
        pages = {L47}
}

@ARTICLE{Urquhart20,
       author = {{Urquhart}, Ryan and {Bahramian}, Arash and {Strader}, Jay and
         {Chomiuk}, Laura and {Ransom}, Scott M. and {Wang}, Yuankun and
         {Heinke}, Craig O. and {Tudor}, Vlad and {Miller-Jones}, James C.~A. and
         {Tetarenko}, Alexandra J. and {Maccarone}, Thomas J. and
         {Sivakoff}, Gregory R. and {Shishkovsky}, Laura and
         {Swihart}, Samuel J. and {Tremou}, Evangelia},
        title = "{The MAVERIC Survey: New compact binaries revealed by deep radio continuum observations of the Galactic globular cluster Terzan 5}",
      journal = {arXiv e-prints},
     keywords = {Astrophysics - High Energy Astrophysical Phenomena},
         year = 2020,
        month = sep,
          eid = {arXiv:2009.07286},
        pages = {arXiv:2009.07286},
archivePrefix = {arXiv},
       eprint = {2009.07286},
 primaryClass = {astro-ph.HE},
       adsurl = {https://ui.adsabs.harvard.edu/abs/2020arXiv200907286U},
      adsnote = {Provided by the SAO/NASA Astrophysics Data System}
}


@ARTICLE{Richer2008,
       author = {{Richer}, Harvey B. and {Dotter}, Aaron and {Hurley}, Jarrod and {Anderson}, Jay and {King}, Ivan and {Davis}, Saul and {Fahlman}, Gregory G. and {Hansen}, Brad M.~S. and {Kalirai}, Jason and {Paust}, Nathaniel and {Rich}, R. Michael and {Shara}, Michael M.},
        title = "{Deep Advanced Camera for Surveys Imaging in the Globular Cluster NGC 6397: the Cluster Color-Magnitude Diagram and Luminosity Function}",
      journal = {\aj},
     keywords = {Galaxy: halo, globular clusters: individual: NGC 6397, stars: low-mass, brown dwarfs, stars: luminosity function, mass function, stars: Population II, white dwarfs, Astrophysics},
         year = 2008,
        month = jun,
       volume = {135},
       number = {6},
        pages = {2141-2154},
          doi = {10.1088/0004-6256/135/6/2141},
archivePrefix = {arXiv},
       eprint = {0708.4030},
 primaryClass = {astro-ph},
       adsurl = {https://ui.adsabs.harvard.edu/abs/2008AJ....135.2141R},
      adsnote = {Provided by the SAO/NASA Astrophysics Data System}
}



@ARTICLE{2006Sci...313..936R,
       author = {{Richer}, Harvey B. and {Anderson}, Jay and {Brewer}, James and
         {Davis}, Saul and {Fahlman}, Gregory G. and {Hansen}, Brad M.~S. and
         {Hurley}, Jarrod and {Kalirai}, Jasonjot S. and {King}, Ivan R. and
         {Reitzel}, David and {Rich}, R. Michael and {Shara}, Michael M. and
         {Stetson}, Peter B.},
        title = "{Probing the Faintest Stars in a Globular Star Cluster}",
      journal = {Science},
     keywords = {ASTRONOMY, Astrophysics},
         year = "2006",
        month = "Aug",
       volume = {313},
       number = {5789},
        pages = {936-940},
          doi = {10.1126/science.1130691},
archivePrefix = {arXiv},
       eprint = {astro-ph/0702209},
 primaryClass = {astro-ph},
       adsurl = {https://ui.adsabs.harvard.edu/abs/2006Sci...313..936R},
      adsnote = {Provided by the SAO/NASA Astrophysics Data System}
}

@ARTICLE{Husser2016MUSE,
       author = {{Husser}, Tim-Oliver and {Kamann}, Sebastian and {Dreizler}, Stefan and
         {Wendt}, Martin and {Wulff}, Nina and {Bacon}, Roland and
         {Wisotzki}, Lutz and {Brinchmann}, Jarle and {Weilbacher}, Peter M. and
         {Roth}, Martin M. and {Monreal-Ibero}, Ana},
        title = "{MUSE crowded field 3D spectroscopy of over 12 000 stars in the globular cluster NGC 6397. I. The first comprehensive HRD of a globular cluster}",
      journal = {\aap},
     keywords = {methods: data analysis, techniques: imaging spectroscopy, planets and satellites: fundamental parameters, stars: atmospheres, pulsars: general, globular clusters: individual: NGC 6397, Astrophysics - Solar and Stellar Astrophysics},
         year = "2016",
        month = "Apr",
       volume = {588},
          eid = {A148},
        pages = {A148},
          doi = {10.1051/0004-6361/201526949},
archivePrefix = {arXiv},
       eprint = {1602.01649},
 primaryClass = {astro-ph.SR},
       adsurl = {https://ui.adsabs.harvard.edu/abs/2016A&A...588A.148H},
      adsnote = {Provided by the SAO/NASA Astrophysics Data System}
}

@article{astropy:2013,
Adsnote = {Provided by the SAO/NASA Astrophysics Data System},
Adsurl = {http://adsabs.harvard.edu/abs/2013A%26A...558A..33A},
Archiveprefix = {arXiv},
Author = {{Astropy Collaboration} and {Robitaille}, T.~P. and {Tollerud}, E.~J. and {Greenfield}, P. and {Droettboom}, M. and {Bray}, E. and {Aldcroft}, T. and {Davis}, M. and {Ginsburg}, A. and {Price-Whelan}, A.~M. and {Kerzendorf}, W.~E. and {Conley}, A. and {Crighton}, N. and {Barbary}, K. and {Muna}, D. and {Ferguson}, H. and {Grollier}, F. and {Parikh}, M.~M. and {Nair}, P.~H. and {Unther}, H.~M. and {Deil}, C. and {Woillez}, J. and {Conseil}, S. and {Kramer}, R. and {Turner}, J.~E.~H. and {Singer}, L. and {Fox}, R. and {Weaver}, B.~A. and {Zabalza}, V. and {Edwards}, Z.~I. and {Azalee Bostroem}, K. and {Burke}, D.~J. and {Casey}, A.~R. and {Crawford}, S.~M. and {Dencheva}, N. and {Ely}, J. and {Jenness}, T. and {Labrie}, K. and {Lim}, P.~L. and {Pierfederici}, F. and {Pontzen}, A. and {Ptak}, A. and {Refsdal}, B. and {Servillat}, M. and {Streicher}, O.},
Doi = {10.1051/0004-6361/201322068},
Eid = {A33},
Eprint = {1307.6212},
Journal = {\aap},
Keywords = {methods: data analysis, methods: miscellaneous, virtual observatory tools},
Month = oct,
Pages = {A33},
Primaryclass = {astro-ph.IM},
Title = {{Astropy: A community Python package for astronomy}},
Volume = 558,
Year = 2013,
Bdsk-Url-1 = {https://dx.doi.org/10.1051/0004-6361/201322068}}

@article{astropy:2018,
Adsnote = {Provided by the SAO/NASA Astrophysics Data System},
Adsurl = {https://ui.adsabs.harvard.edu/#abs/2018AJ....156..123T},
Author = {{Price-Whelan}, A.~M. and {Sip{\H{o}}cz}, B.~M. and {G{\"u}nther}, H.~M. and {Lim}, P.~L. and {Crawford}, S.~M. and {Conseil}, S. and {Shupe}, D.~L. and {Craig}, M.~W. and {Dencheva}, N. and {Ginsburg}, A. and {VanderPlas}, J.~T. and {Bradley}, L.~D. and {P{\'e}rez-Su{\'a}rez}, D. and {de Val-Borro}, M. and {Paper Contributors}, (Primary and {Aldcroft}, T.~L. and {Cruz}, K.~L. and {Robitaille}, T.~P. and {Tollerud}, E.~J. and {Coordination Committee}, (Astropy and {Ardelean}, C. and {Babej}, T. and {Bach}, Y.~P. and {Bachetti}, M. and {Bakanov}, A.~V. and {Bamford}, S.~P. and {Barentsen}, G. and {Barmby}, P. and {Baumbach}, A. and {Berry}, K.~L. and {Biscani}, F. and {Boquien}, M. and {Bostroem}, K.~A. and {Bouma}, L.~G. and {Brammer}, G.~B. and {Bray}, E.~M. and {Breytenbach}, H. and {Buddelmeijer}, H. and {Burke}, D.~J. and {Calderone}, G. and {Cano Rodr{\'\i}guez}, J.~L. and {Cara}, M. and {Cardoso}, J.~V.~M. and {Cheedella}, S. and {Copin}, Y. and {Corrales}, L. and {Crichton}, D. and {D{\textquoteright}Avella}, D. and {Deil}, C. and {Depagne}, {\'E}. and {Dietrich}, J.~P. and {Donath}, A. and {Droettboom}, M. and {Earl}, N. and {Erben}, T. and {Fabbro}, S. and {Ferreira}, L.~A. and {Finethy}, T. and {Fox}, R.~T. and {Garrison}, L.~H. and {Gibbons}, S.~L.~J. and {Goldstein}, D.~A. and {Gommers}, R. and {Greco}, J.~P. and {Greenfield}, P. and {Groener}, A.~M. and {Grollier}, F. and {Hagen}, A. and {Hirst}, P. and {Homeier}, D. and {Horton}, A.~J. and {Hosseinzadeh}, G. and {Hu}, L. and {Hunkeler}, J.~S. and {Ivezi{\'c}}, {\v{Z}}. and {Jain}, A. and {Jenness}, T. and {Kanarek}, G. and {Kendrew}, S. and {Kern}, N.~S. and {Kerzendorf}, W.~E. and {Khvalko}, A. and {King}, J. and {Kirkby}, D. and {Kulkarni}, A.~M. and {Kumar}, A. and {Lee}, A. and {Lenz}, D. and {Littlefair}, S.~P. and {Ma}, Z. and {Macleod}, D.~M. and {Mastropietro}, M. and {McCully}, C. and {Montagnac}, S. and {Morris}, B.~M. and {Mueller}, M. and {Mumford}, S.~J. and {Muna}, D. and {Murphy}, N.~A. and {Nelson}, S. and {Nguyen}, G.~H. and {Ninan}, J.~P. and {N{\"o}the}, M. and {Ogaz}, S. and {Oh}, S. and {Parejko}, J.~K. and {Parley}, N. and {Pascual}, S. and {Patil}, R. and {Patil}, A.~A. and {Plunkett}, A.~L. and {Prochaska}, J.~X. and {Rastogi}, T. and {Reddy Janga}, V. and {Sabater}, J. and {Sakurikar}, P. and {Seifert}, M. and {Sherbert}, L.~E. and {Sherwood-Taylor}, H. and {Shih}, A.~Y. and {Sick}, J. and {Silbiger}, M.~T. and {Singanamalla}, S. and {Singer}, L.~P. and {Sladen}, P.~H. and {Sooley}, K.~A. and {Sornarajah}, S. and {Streicher}, O. and {Teuben}, P. and {Thomas}, S.~W. and {Tremblay}, G.~R. and {Turner}, J.~E.~H. and {Terr{\'o}n}, V. and {van Kerkwijk}, M.~H. and {de la Vega}, A. and {Watkins}, L.~L. and {Weaver}, B.~A. and {Whitmore}, J.~B. and {Woillez}, J. and {Zabalza}, V. and {Contributors}, (Astropy},
Doi = {10.3847/1538-3881/aabc4f},
Eid = {123},
Journal = {\aj},
Keywords = {methods: data analysis, methods: miscellaneous, methods: statistical, reference systems, Astrophysics - Instrumentation and Methods for Astrophysics},
Month = Sep,
Pages = {123},
Primaryclass = {astro-ph.IM},
Title = {{The Astropy Project: Building an Open-science Project and Status of the v2.0 Core Package}},
Volume = {156},
Year = 2018,
Bdsk-Url-1 = {https://doi.org/10.3847/1538-3881/aabc4f}}



@ARTICLE{MUSECommissioning,
       author = {{Bacon}, R. and {Vernet}, J. and {Borisova}, E. and {Bouch{\'e}}, N. and
         {Brinchmann}, J. and {Carollo}, M. and {Carton}, D. and {Caruana}, J. and
         {Cerda}, S. and {Contini}, T. and {Franx}, M. and {Girard}, M. and
         {Guerou}, A. and {Haddad}, N. and {Hau}, G. and {Herenz}, C. and
         {Herrera}, J.~C. and {Husemann}, B. and {Husser}, T. -O. and
         {Jarno}, A. and {Kamann}, S. and {Krajnovic}, D. and {Lilly}, S. and
         {Mainieri}, V. and {Martinsson}, T. and {Palsa}, R. and {Patricio}, V. and
         {P{\'e}contal}, A. and {Pello}, R. and {Piqueras}, L. and
         {Richard}, J. and {Sandin}, C. and {Schroetter}, I. and {Selman}, F. and
         {Shirazi}, M. and {Smette}, A. and {Soto}, K. and {Streicher}, O. and
         {Urrutia}, T. and {Weilbacher}, P. and {Wisotzki}, L. and {Zins}, G.},
        title = "{MUSE Commissioning}",
      journal = {The Messenger},
         year = "2014",
        month = "Sep",
       volume = {157},
        pages = {13-16},
       adsurl = {https://ui.adsabs.harvard.edu/abs/2014Msngr.157...13B},
      adsnote = {Provided by the SAO/NASA Astrophysics Data System}
}

@INPROCEEDINGS{MalloryRedback2013,
       author = {{Roberts}, Mallory S.~E.},
        title = "{Surrounded by spiders! New black widows and redbacks in the Galactic field}",
     keywords = {binaries: close, pulsars: general, binaries: eclipsing, shock waves, gamma rays: observations, acceleration of particles, accretion, equation of state, pulsars: individual (PSR J2129-0429), X-rays: binaries, Astrophysics - High Energy Astrophysical Phenomena, Astrophysics - Astrophysics of Galaxies},
    booktitle = {Neutron Stars and Pulsars: Challenges and Opportunities after 80 years},
         year = "2013",
       editor = {{van Leeuwen}, Joeri},
       series = {IAU Symposium},
       volume = {291},
        month = "Mar",
        pages = {127-132},
          doi = {10.1017/S174392131202337X},
archivePrefix = {arXiv},
       eprint = {1210.6903},
 primaryClass = {astro-ph.HE},
       adsurl = {https://ui.adsabs.harvard.edu/abs/2013IAUS..291..127R},
      adsnote = {Provided by the SAO/NASA Astrophysics Data System}
}

@ARTICLE{FruchterEclipse1988,
       author = {{Fruchter}, A.~S. and {Stinebring}, D.~R. and {Taylor}, J.~H.},
        title = "{A millisecond pulsar in an eclipsing binary}",
      journal = {\nat},
     keywords = {Circular Orbits, Companion Stars, Eclipsing Binary Stars, Pulsars, Ionized Gases, Microwave Spectrometers, Orbital Velocity, Plasma Density, Stellar Temperature, Stellar Winds, Astrophysics},
         year = "1988",
        month = "May",
       volume = {333},
       number = {6170},
        pages = {237-239},
          doi = {10.1038/333237a0},
       adsurl = {https://ui.adsabs.harvard.edu/abs/1988Natur.333..237F},
      adsnote = {Provided by the SAO/NASA Astrophysics Data System}
}

@ARTICLE{Strader2019Redbacks,
       author = {{Strader}, Jay and {Swihart}, Samuel and {Chomiuk}, Laura and
         {Bahramian}, Arash and {Britt}, Chris and {Cheung}, C.~C. and
         {Dage}, Kristen and {Halpern}, Jules and {Li}, Kwan-Lok and
         {Mignani}, Roberto P. and {Orosz}, Jerome A. and {Peacock}, Mark and
         {Salinas}, Ricardo and {Shishkovsky}, Laura and {Tremou}, Evangelia},
        title = "{Optical Spectroscopy and Demographics of Redback Millisecond Pulsar Binaries}",
      journal = {\apj},
     keywords = {binaries: spectroscopic, gamma rays: stars, pulsars: general, stars: neutron, X-rays: binaries, Astrophysics - High Energy Astrophysical Phenomena, Astrophysics - Solar and Stellar Astrophysics},
         year = "2019",
        month = "Feb",
       volume = {872},
       number = {1},
          eid = {42},
        pages = {42},
          doi = {10.3847/1538-4357/aafbaa},
archivePrefix = {arXiv},
       eprint = {1812.04626},
 primaryClass = {astro-ph.HE},
       adsurl = {https://ui.adsabs.harvard.edu/abs/2019ApJ...872...42S},
      adsnote = {Provided by the SAO/NASA Astrophysics Data System}
}

@ARTICLE{Tavani91,
       author = {{Tavani}, Marco},
        title = "{``Hidden'' Millisecond Pulsars}",
      journal = {\apjl},
     keywords = {Companion Stars, Gamma Ray Astronomy, Pulsars, Stellar Mass Ejection, X Ray Binaries, Neutron Stars, Radiation Pressure, Stellar Rotation, Astrophysics, GAMMA RAYS: GENERAL, PULSARS, X-RAYS: BINARIES},
         year = "1991",
        month = "Oct",
       volume = {379},
        pages = {L69},
          doi = {10.1086/186156},
       adsurl = {https://ui.adsabs.harvard.edu/abs/1991ApJ...379L..69T},
      adsnote = {Provided by the SAO/NASA Astrophysics Data System}
}

@ARTICLE{damico2001discovery,
       author = {{D'Amico}, N. and {Lyne}, A.~G. and {Manchester}, R.~N. and
         {Possenti}, A. and {Camilo}, F.},
        title = "{Discovery of Short-Period Binary Millisecond Pulsars in Four Globular Clusters}",
      journal = {\apjl},
     keywords = {Stars: Binaries: Close, Galaxy: Globular Clusters: Individual: NGC Number: NGC 6266, Galaxy: Globular Clusters: Individual: NGC Number: NGC 6397, Galaxy: Globular Clusters: Individual: NGC Number: NGC 6544, Galaxy: Globular Clusters: Individual: NGC Number: NGC 6752, Stars: Pulsars: General, Astrophysics},
         year = "2001",
        month = "Feb",
       volume = {548},
       number = {2},
        pages = {L171-L174},
          doi = {10.1086/319096},
archivePrefix = {arXiv},
       eprint = {astro-ph/0010272},
 primaryClass = {astro-ph},
       adsurl = {https://ui.adsabs.harvard.edu/abs/2001ApJ...548L.171D},
      adsnote = {Provided by the SAO/NASA Astrophysics Data System}
}

@ARTICLE{Dieball2017UV,
       author = {{Dieball}, A. and {Rasekh}, A. and {Knigge}, C. and {Shara}, M. and
         {Zurek}, D.},
        title = "{Far-ultraviolet observation of the globular cluster NGC 6397}",
      journal = {\mnras},
     keywords = {techniques: photometric, novae, cataclysmic variables, white dwarfs, globular clusters: individual: NGC 6397, ultraviolet: stars, Astrophysics - Solar and Stellar Astrophysics, Astrophysics - Astrophysics of Galaxies},
         year = "2017",
        month = "Jul",
       volume = {469},
       number = {1},
        pages = {267-277},
          doi = {10.1093/mnras/stx802},
archivePrefix = {arXiv},
       eprint = {1705.08770},
 primaryClass = {astro-ph.SR},
       adsurl = {https://ui.adsabs.harvard.edu/abs/2017MNRAS.469..267D},
      adsnote = {Provided by the SAO/NASA Astrophysics Data System}
}

@ARTICLE{VilhuSaturationLimit,
       author = {{Vilhu}, Osmi and {Walter}, Frederick M.},
        title = "{Chromospheric-Coronal Activity at Saturated Levels}",
      journal = {\apj},
     keywords = {Binary Stars, Chromosphere, Stellar Activity, Ultraviolet Astronomy, Dwarf Stars, Emission Spectra, G Stars, Iue, K Stars, Magnesium, Stellar Coronas, Stellar Rotation, Astrophysics, STARS: BINARIES, STARS: CHROMOSPHERES, STARS: ROTATION, ULTRAVIOLET: SPECTRA},
         year = "1987",
        month = "Oct",
       volume = {321},
        pages = {958},
          doi = {10.1086/165689},
       adsurl = {https://ui.adsabs.harvard.edu/abs/1987ApJ...321..958V},
      adsnote = {Provided by the SAO/NASA Astrophysics Data System}
}

@ARTICLE{Pallanca2017Halpha,
       author = {{Pallanca}, Cristina and {Beccari}, Giacomo and {Ferraro}, Francesco R. and
         {Pasquini}, Luca and {Lanzoni}, Barbara and {Mucciarelli}, Alessio},
        title = "{A Complete Census of H{\ensuremath{\alpha}} Emitters in NGC 6397}",
      journal = {\apj},
     keywords = {globular clusters: general, globular clusters: individual: NGC 6397, Astrophysics - Solar and Stellar Astrophysics, Astrophysics - Astrophysics of Galaxies, Astrophysics - High Energy Astrophysical Phenomena},
         year = "2017",
        month = "Aug",
       volume = {845},
       number = {1},
          eid = {4},
        pages = {4},
          doi = {10.3847/1538-4357/aa7ca6},
archivePrefix = {arXiv},
       eprint = {1706.09435},
 primaryClass = {astro-ph.SR},
       adsurl = {https://ui.adsabs.harvard.edu/abs/2017ApJ...845....4P},
      adsnote = {Provided by the SAO/NASA Astrophysics Data System}
}

@ARTICLE{CoryPaper,
       author = {{Zhao}, Yue and {Heinke}, Craig O. and {Tudor}, Vlad and
         {Bahramian}, Arash and {Miller-Jones}, James C.~A. and
         {Sivakoff}, Gregory R. and {Strader}, Jay and {Chomiuk}, Laura and
         {Shishkovsky}, Laura and {Maccarone}, Thomas J. and
         {Pichardo Marcano}, Manuel and {Gelfand}, Joseph D.},
        title = "{The MAVERIC survey: a hidden pulsar and a black hole candidate in ATCA radio imaging of the globular cluster NGC 6397}",
      journal = {\mnras},
     keywords = {stars: neutron, pulsars: general, globular clusters: general, globular clusters: individual (NGC 6397), X-rays: binaries, Astrophysics - High Energy Astrophysical Phenomena},
         year = 2020,
        month = mar,
       volume = {493},
       number = {4},
        pages = {6033-6049},
          doi = {10.1093/mnras/staa631},
archivePrefix = {arXiv},
       eprint = {2003.00135},
 primaryClass = {astro-ph.HE},
       adsurl = {https://ui.adsabs.harvard.edu/abs/2020MNRAS.493.6033Z},
      adsnote = {Provided by the SAO/NASA Astrophysics Data System}
}



@ARTICLE{Gratton2003,
       author = {{Gratton}, R.~G. and {Bragaglia}, A. and {Carretta}, E. and
         {Clementini}, G. and {Desidera}, S. and {Grundahl}, F. and
         {Lucatello}, S.},
        title = "{Distances and ages of NGC 6397, NGC 6752 and 47 Tuc}",
      journal = {\aap},
     keywords = {stars: abundances, stars: evolution, stars: Population II, Galaxy: globular clusters: general, Galaxy: formation, cosmology: distance scale, Astrophysics},
         year = "2003",
        month = "Sep",
       volume = {408},
        pages = {529-543},
          doi = {10.1051/0004-6361:20031003},
archivePrefix = {arXiv},
       eprint = {astro-ph/0307016},
 primaryClass = {astro-ph},
       adsurl = {https://ui.adsabs.harvard.edu/abs/2003A&A...408..529G},
      adsnote = {Provided by the SAO/NASA Astrophysics Data System}
}

@ARTICLE{Flower1996BC,
       author = {{Flower}, Phillip J.},
        title = "{Transformations from Theoretical Hertzsprung-Russell Diagrams to Color-Magnitude Diagrams: Effective Temperatures, B-V Colors, and Bolometric Corrections}",
      journal = {\apj},
     keywords = {STARS: ATMOSPHERES, STARS: EARLY-TYPE, STARS: FUNDAMENTAL PARAMETERS, STARS: LATE-TYPE, STARS: SUPERGIANTS, STARS: HERTZSPRUNG-RUSSELL DIAGRAM},
         year = "1996",
        month = "Sep",
       volume = {469},
        pages = {355},
          doi = {10.1086/177785},
       adsurl = {https://ui.adsabs.harvard.edu/abs/1996ApJ...469..355F},
      adsnote = {Provided by the SAO/NASA Astrophysics Data System}
}



@ARTICLE{VilhuSaturation2,
       author = {{Vilhu}, O.},
        title = "{The nature of magnetic activity in lower main sequence stars.}",
      journal = {\aap},
     keywords = {Binary Stars, Magnetic Stars, Main Sequence Stars, Stellar Magnetic Fields, Chromosphere, Dynamo Theory, Emission Spectra, Magnetic Flux, Stellar Coronas, Stellar Spectrophotometry, Stellar Temperature, Astrophysics},
         year = "1984",
        month = "Apr",
       volume = {133},
        pages = {117-126},
       adsurl = {https://ui.adsabs.harvard.edu/abs/1984A&A...133..117V},
      adsnote = {Provided by the SAO/NASA Astrophysics Data System}
}

@ARTICLE{Manchester2005PulsarCatalog,
       author = {{Manchester}, R.~N. and {Hobbs}, G.~B. and {Teoh}, A. and {Hobbs}, M.},
        title = "{The Australia Telescope National Facility Pulsar Catalogue}",
      journal = {\aj},
     keywords = {Catalogs, Stars: Pulsars: General, Astrophysics},
         year = "2005",
        month = "Apr",
       volume = {129},
       number = {4},
        pages = {1993-2006},
          doi = {10.1086/428488},
archivePrefix = {arXiv},
       eprint = {astro-ph/0412641},
 primaryClass = {astro-ph},
       adsurl = {https://ui.adsabs.harvard.edu/abs/2005AJ....129.1993M},
      adsnote = {Provided by the SAO/NASA Astrophysics Data System}
}

@Article{matplotlib,
  Author    = {Hunter, J. D.},
  Title     = {Matplotlib: A 2D graphics environment},
  Journal   = {Computing in Science \& Engineering},
  Volume    = {9},
  Number    = {3},
  Pages     = {90--95},
  abstract  = {Matplotlib is a 2D graphics package used for Python for
  application development, interactive scripting, and publication-quality
  image generation across user interfaces and operating systems.},
  publisher = {IEEE COMPUTER SOC},
  doi       = {10.1109/MCSE.2007.55},
  year      = 2007
}

@ARTICLE{ChenFormationRedback2013,
       author = {{Chen}, Hai-Liang and {Chen}, Xuefei and {Tauris}, Thomas M. and
         {Han}, Zhanwen},
        title = "{Formation of Black Widows and Redbacks{\textemdash}Two Distinct Populations of Eclipsing Binary Millisecond Pulsars}",
      journal = {\apj},
     keywords = {binaries: eclipsing, pulsars: general, stars: evolution, stars: mass-loss, X-rays: binaries, Astrophysics - Solar and Stellar Astrophysics, Astrophysics - High Energy Astrophysical Phenomena},
         year = "2013",
        month = "Sep",
       volume = {775},
       number = {1},
          eid = {27},
        pages = {27},
          doi = {10.1088/0004-637X/775/1/27},
archivePrefix = {arXiv},
       eprint = {1308.4107},
 primaryClass = {astro-ph.SR},
       adsurl = {https://ui.adsabs.harvard.edu/abs/2013ApJ...775...27C},
      adsnote = {Provided by the SAO/NASA Astrophysics Data System}
}

@ARTICLE{Benvenuto2017Cluster,
       author = {{Benvenuto}, O.~G. and {De Vito}, M.~A. and {Horvath}, J.~E.},
        title = "{Evolution of redback radio pulsars in globular clusters}",
      journal = {\aap},
     keywords = {pulsars: general, stars: evolution, binaries: close, Astrophysics - Solar and Stellar Astrophysics, Astrophysics - High Energy Astrophysical Phenomena},
         year = "2017",
        month = "Feb",
       volume = {598},
          eid = {A35},
        pages = {A35},
          doi = {10.1051/0004-6361/201628692},
archivePrefix = {arXiv},
       eprint = {1612.01317},
 primaryClass = {astro-ph.SR},
       adsurl = {https://ui.adsabs.harvard.edu/abs/2017A&A...598A..35B},
      adsnote = {Provided by the SAO/NASA Astrophysics Data System}
}

@ARTICLE{Benvenuto2015,
       author = {{Benvenuto}, O.~G. and {De Vito}, M.~A. and {Horvath}, J.~E.},
        title = "{The Quasi-Roche Lobe Overflow State in the Evolution of Close Binary Systems Containing a Radio Pulsar}",
      journal = {\apj},
     keywords = {binaries: close, pulsars: general, pulsars: individual: PSR J1723─2837, stars: evolution, Astrophysics - Solar and Stellar Astrophysics, Astrophysics - High Energy Astrophysical Phenomena},
         year = "2015",
        month = "Jan",
       volume = {798},
       number = {1},
          eid = {44},
        pages = {44},
          doi = {10.1088/0004-637X/798/1/44},
archivePrefix = {arXiv},
       eprint = {1410.8754},
 primaryClass = {astro-ph.SR},
       adsurl = {https://ui.adsabs.harvard.edu/abs/2015ApJ...798...44B},
      adsnote = {Provided by the SAO/NASA Astrophysics Data System}
}

@ARTICLE{Benvenuto2014,
       author = {{Benvenuto}, O.~G. and {De Vito}, M.~A. and {Horvath}, J.~E.},
        title = "{Understanding the Evolution of Close Binary Systems with Radio Pulsars}",
      journal = {\apjl},
     keywords = {binaries: close, pulsars: general, stars: evolution, stars: neutron, Astrophysics - Solar and Stellar Astrophysics, Astrophysics - High Energy Astrophysical Phenomena},
         year = "2014",
        month = "May",
       volume = {786},
       number = {1},
          eid = {L7},
        pages = {L7},
          doi = {10.1088/2041-8205/786/1/L7},
archivePrefix = {arXiv},
       eprint = {1402.7338},
 primaryClass = {astro-ph.SR},
       adsurl = {https://ui.adsabs.harvard.edu/abs/2014ApJ...786L...7B},
      adsnote = {Provided by the SAO/NASA Astrophysics Data System}
}

@ARTICLE{Archibal09,
       author = {{Archibald}, Anne M. and {Stairs}, Ingrid H. and {Ransom}, Scott M. and
         {Kaspi}, Victoria M. and {Kondratiev}, Vladislav I. and
         {Lorimer}, Duncan R. and {McLaughlin}, Maura A. and {Boyles}, Jason and
         {Hessels}, Jason W.~T. and {Lynch}, Ryan and {van Leeuwen}, Joeri and
         {Roberts}, Mallory S.~E. and {Jenet}, Frederick and
         {Champion}, David J. and {Rosen}, Rachel and {Barlow}, Brad N. and
         {Dunlap}, Bart H. and {Remillard}, Ronald A.},
        title = "{A Radio Pulsar/X-ray Binary Link}",
      journal = {Science},
     keywords = {ASTRONOMY, Astrophysics - High Energy Astrophysical Phenomena, Astrophysics - Solar and Stellar Astrophysics},
         year = "2009",
        month = "Jun",
       volume = {324},
       number = {5933},
        pages = {1411},
          doi = {10.1126/science.1172740},
archivePrefix = {arXiv},
       eprint = {0905.3397},
 primaryClass = {astro-ph.HE},
       adsurl = {https://ui.adsabs.harvard.edu/abs/2009Sci...324.1411A},
      adsnote = {Provided by the SAO/NASA Astrophysics Data System}
}

@ARTICLE{Papitto13,
       author = {{Papitto}, A. and {Ferrigno}, C. and {Bozzo}, E. and {Rea}, N. and
         {Pavan}, L. and {Burderi}, L. and {Burgay}, M. and {Campana}, S. and
         {di Salvo}, T. and {Falanga}, M. and {Filipovi{\'c}}, M.~D. and
         {Freire}, P.~C.~C. and {Hessels}, J.~W.~T. and {Possenti}, A. and
         {Ransom}, S.~M. and {Riggio}, A. and {Romano}, P. and
         {Sarkissian}, J.~M. and {Stairs}, I.~H. and {Stella}, L. and
         {Torres}, D.~F. and {Wieringa}, M.~H. and {Wong}, G.~F.},
        title = "{Swings between rotation and accretion power in a binary millisecond pulsar}",
      journal = {\nat},
     keywords = {Astrophysics - High Energy Astrophysical Phenomena},
         year = "2013",
        month = "Sep",
       volume = {501},
       number = {7468},
        pages = {517-520},
          doi = {10.1038/nature12470},
archivePrefix = {arXiv},
       eprint = {1305.3884},
 primaryClass = {astro-ph.HE},
       adsurl = {https://ui.adsabs.harvard.edu/abs/2013Natur.501..517P},
      adsnote = {Provided by the SAO/NASA Astrophysics Data System}
}

@ARTICLE{Jayanta15,
       author = {{Roy}, Jayanta and {Ray}, Paul S. and {Bhattacharyya}, Bhaswati and
         {Stappers}, Ben and {Chengalur}, Jayaram N. and {Deneva}, Julia and
         {Camilo}, Fernando and {Johnson}, Tyrel J. and {Wolff}, Michael and
         {Hessels}, Jason W.~T. and {Bassa}, Cees G. and {Keane}, Evan F. and
         {Ferrara}, Elizabeth C. and {Harding}, Alice K. and {Wood}, Kent S.},
        title = "{Discovery of Psr J1227-4853: A Transition from a Low-mass X-Ray Binary to a Redback Millisecond Pulsar}",
      journal = {\apjl},
     keywords = {accretion, accretion disks, binaries: eclipsing, pulsars: individual: PSR J1227─4853, X-rays: binaries, Astrophysics - High Energy Astrophysical Phenomena},
         year = "2015",
        month = "Feb",
       volume = {800},
       number = {1},
          eid = {L12},
        pages = {L12},
          doi = {10.1088/2041-8205/800/1/L12},
archivePrefix = {arXiv},
       eprint = {1412.4735},
 primaryClass = {astro-ph.HE},
       adsurl = {https://ui.adsabs.harvard.edu/abs/2015ApJ...800L..12R},
      adsnote = {Provided by the SAO/NASA Astrophysics Data System}
}

@ARTICLE{Linares2018,
       author = {{Linares}, Manuel},
        title = "{The 26.3-h orbit and multiwavelength properties of the `redback' millisecond pulsar PSR J1306-40}",
      journal = {\mnras},
     keywords = {binaries: general, stars: individual: PSR J1306-40, stars: neutron, pulsars: general, stars: variables: general, gamma rays: stars, Astrophysics - High Energy Astrophysical Phenomena},
         year = "2018",
        month = "Jan",
       volume = {473},
       number = {1},
        pages = {L50-L53},
          doi = {10.1093/mnrasl/slx153},
archivePrefix = {arXiv},
       eprint = {1707.00698},
 primaryClass = {astro-ph.HE},
       adsurl = {https://ui.adsabs.harvard.edu/abs/2018MNRAS.473L..50L},
      adsnote = {Provided by the SAO/NASA Astrophysics Data System}
}

@ARTICLE{Salvetti2015,
       author = {{Salvetti}, D. and {Mignani}, R.~P. and {De Luca}, A. and {Delvaux}, C. and
         {Pallanca}, C. and {Belfiore}, A. and {Marelli}, M. and
         {Breeveld}, A.~A. and {Greiner}, J. and {Becker}, W. and
         {Pizzocaro}, D.},
        title = "{Multi-wavelength Observations of 3FGL J2039.6-5618: A Candidate Redback Millisecond Pulsar}",
      journal = {\apj},
     keywords = {binaries: general, gamma rays: stars, pulsars: general, stars: variables: general, Astrophysics - High Energy Astrophysical Phenomena},
         year = "2015",
        month = "Dec",
       volume = {814},
       number = {2},
          eid = {88},
        pages = {88},
          doi = {10.1088/0004-637X/814/2/88},
archivePrefix = {arXiv},
       eprint = {1509.07474},
 primaryClass = {astro-ph.HE},
       adsurl = {https://ui.adsabs.harvard.edu/abs/2015ApJ...814...88S},
      adsnote = {Provided by the SAO/NASA Astrophysics Data System}
}



    @misc{aplpy2012,
      author        = {{Robitaille}, T. and {Bressert}, E.},
      title         = "{APLpy: Astronomical Plotting Library in Python}",
      keywords      = {Software },
      howpublished  = {Astrophysics Source Code Library},
      year          = 2012,
      month         = aug,
      archivePrefix = "ascl",
      eprint        = {1208.017},
      adsurl        = {http://adsabs.harvard.edu/abs/2012ascl.soft08017R},
      adsnote       = {Provided by the SAO/NASA Astrophysics Data System}
    }

    @misc{aplpy2019,
      author       = {Robitaille, Thomas},
      title        = {{APLpy v2.0: The Astronomical Plotting Library in Python}},
      month        = feb,
      year         = 2019,
      doi          = {10.5281/zenodo.2567476},
      url          = {https://doi.org/10.5281/zenodo.2567476}
}

@ARTICLE{PDMStellingwerf78,
       author = {{Stellingwerf}, R.~F.},
        title = "{Period determination using phase dispersion minimization.}",
      journal = {\apj},
     keywords = {Curve Fitting, Light Curve, Periodic Variations, Statistical Analysis, Variable Stars, Cepheid Variables, Computer Techniques, Data Smoothing, Least Squares Method, Run Time (Computers), Significance, Astronomy, Cepheids:Periods, Period Determination},
         year = "1978",
        month = "Sep",
       volume = {224},
        pages = {953-960},
          doi = {10.1086/156444},
       adsurl = {https://ui.adsabs.harvard.edu/abs/1978ApJ...224..953S},
      adsnote = {Provided by the SAO/NASA Astrophysics Data System}
}

@ARTICLE{Osten1999,
       author = {{Osten}, Rachel A. and {Brown}, Alexander},
        title = "{Extreme Ultraviolet Explorer Photometry of RS Canum Venaticorum Systems: Four Flaring Megaseconds}",
      journal = {\apj},
     keywords = {STARS: BINARIES: CLOSE, STARS: ACTIVITY, STARS: CORONAE, STARS: LATE-TYPE, ULTRAVIOLET: STARS, X-RAYS: STARS, Stars: Binaries: Close, Stars: Activity, Stars: Coronae, Stars: Late-Type, Ultraviolet: Stars, X-Rays: Stars},
         year = "1999",
        month = "Apr",
       volume = {515},
       number = {2},
        pages = {746-761},
          doi = {10.1086/307034},
       adsurl = {https://ui.adsabs.harvard.edu/abs/1999ApJ...515..746O},
      adsnote = {Provided by the SAO/NASA Astrophysics Data System}
}

@ARTICLE{Orosz2003,
       author = {{Orosz}, J.~A. and {van Kerkwijk}, M.~H.},
        title = "{The eclipsing millisecond pulsar PSR J1740-5340 and its red straggler companion}",
      journal = {\aap},
     keywords = {binaries: close, pulsars: individual: PSR J1740-5340, globular clusters: individual: NGC 6397, Astrophysics},
         year = "2003",
        month = "Jan",
       volume = {397},
        pages = {237-247},
          doi = {10.1051/0004-6361:20021468},
archivePrefix = {arXiv},
       eprint = {astro-ph/0210009},
 primaryClass = {astro-ph},
       adsurl = {https://ui.adsabs.harvard.edu/abs/2003A&A...397..237O},
      adsnote = {Provided by the SAO/NASA Astrophysics Data System}
}

@ARTICLE{Kuerster1996,
       author = {{Kuerster}, M. and {Schmitt}, J.~H.~M.~M.},
        title = "{Forty days in the life of CF Tucanae (=HD 5303). The longest stellar X-ray flare observed with ROSAT.}",
      journal = {\aap},
     keywords = {STARS: FLARE, BINARIES: ECLIPSING, STARS: CORONAE, STARS: ACTIVITY, STARS: LATE-TYPE, STARS: ROTATION, STARS: INDIVIDUAL: CF TUC},
         year = "1996",
        month = "Jul",
       volume = {311},
        pages = {211-229},
       adsurl = {https://ui.adsabs.harvard.edu/abs/1996A&A...311..211K},
      adsnote = {Provided by the SAO/NASA Astrophysics Data System}
}

@ARTICLE{2020arXiv200202764D,
       author = {{De Vito}, M.~A. and {Benvenuto}, O.~G. and {Horvath}, J.~E.},
        title = "{Identifying the formation mechanism of redback pulsars}",
      journal = {\mnras},
     keywords = {(stars:) binaries (including multiple): close, (stars:) evolution, (stars:) pulsars: general, Astrophysics - Solar and Stellar Astrophysics, Astrophysics - High Energy Astrophysical Phenomena},
         year = 2020,
        month = apr,
       volume = {493},
       number = {2},
        pages = {2171-2177},
          doi = {10.1093/mnras/staa395},
archivePrefix = {arXiv},
       eprint = {2002.02764},
 primaryClass = {astro-ph.SR},
       adsurl = {https://ui.adsabs.harvard.edu/abs/2020MNRAS.493.2171D},
      adsnote = {Provided by the SAO/NASA Astrophysics Data System}
}



@ARTICLE{wadehorne1988,
       author = {{Wade}, Richard A. and {Horne}, Keith},
        title = "{The Radial Velocity Curve and Peculiar TiO Distribution of the Red Secondary Star in Z Chamaeleontis}",
      journal = {\apj},
     keywords = {Dwarf Novae, Eclipsing Binary Stars, Radial Velocity, Spatial Distribution, Titanium Oxides, Velocity Distribution, Absorption Spectra, Accretion Disks, Charge Coupled Devices, M Stars, Stellar Luminosity, Stellar Spectrophotometry, Astrophysics},
         year = "1988",
        month = "Jan",
       volume = {324},
        pages = {411},
          doi = {10.1086/165905},
       adsurl = {https://ui.adsabs.harvard.edu/abs/1988ApJ...324..411W},
      adsnote = {Provided by the SAO/NASA Astrophysics Data System}
}



@ARTICLE{devitobenvenuto2020,
       author = {{De Vito}, M.~A. and {Benvenuto}, O.~G. and {Horvath}, J.~E.},
        title = "{Identifying the formation mechanism of redback pulsars}",
      journal = {\mnras},
     keywords = {(stars:) binaries (including multiple): close, (stars:) pulsars: general, Astrophysics - Solar and Stellar Astrophysics, Astrophysics - High Energy Astrophysical Phenomena},
         year = "2020",
        month = "Feb",
          doi = {10.1093/mnras/staa395},
archivePrefix = {arXiv},
       eprint = {2002.02764},
 primaryClass = {astro-ph.SR},
       adsurl = {https://ui.adsabs.harvard.edu/abs/2020MNRAS.tmp..398D},
      adsnote = {Provided by the SAO/NASA Astrophysics Data System}
}

@ARTICLE{irradiation2004,
       author = {{B{\"u}ning}, A. and {Ritter}, H.},
        title = "{Long-term evolution of compact binaries  with irradiation feedback}",
      journal = {\aap},
     keywords = {stars: binaries: close, stars: novae, cataclysmic variables, stars: evolution, stars: mass-loss, X-rays: binaries, Astrophysics},
         year = "2004",
        month = "Aug",
       volume = {423},
        pages = {281-299},
          doi = {10.1051/0004-6361:20035678},
archivePrefix = {arXiv},
       eprint = {astro-ph/0403306},
 primaryClass = {astro-ph},
       adsurl = {https://ui.adsabs.harvard.edu/abs/2004A&A...423..281B},
      adsnote = {Provided by the SAO/NASA Astrophysics Data System}
}

@ARTICLE{bassa2014change,
       author = {{Bassa}, C.~G. and {Patruno}, A. and {Hessels}, J.~W.~T. and
         {Keane}, E.~F. and {Monard}, B. and {Mahony}, E.~K. and {Bogdanov}, S. and
         {Corbel}, S. and {Edwards}, P.~G. and {Archibald}, A.~M. and
         {Janssen}, G.~H. and {Stappers}, B.~W. and {Tendulkar}, S.},
        title = "{A state change in the low-mass X-ray binary XSS J12270-4859}",
      journal = {\mnras},
     keywords = {binaries: general, stars: individual: XSS J12270-4859, stars: neutron, X-rays: binaries, Astrophysics - High Energy Astrophysical Phenomena},
         year = 2014,
        month = jun,
       volume = {441},
       number = {2},
        pages = {1825-1830},
          doi = {10.1093/mnras/stu708},
archivePrefix = {arXiv},
       eprint = {1402.0765},
 primaryClass = {astro-ph.HE},
       adsurl = {https://ui.adsabs.harvard.edu/abs/2014MNRAS.441.1825B},
      adsnote = {Provided by the SAO/NASA Astrophysics Data System}
}



@ARTICLE{salvetti2015J2039,
       author = {{Salvetti}, D. and {Mignani}, R.~P. and {De Luca}, A. and {Delvaux}, C. and
         {Pallanca}, C. and {Belfiore}, A. and {Marelli}, M. and
         {Breeveld}, A.~A. and {Greiner}, J. and {Becker}, W. and
         {Pizzocaro}, D.},
        title = "{Multi-wavelength Observations of 3FGL J2039.6-5618: A Candidate Redback Millisecond Pulsar}",
      journal = {\apj},
     keywords = {binaries: general, gamma rays: stars, pulsars: general, stars: variables: general, Astrophysics - High Energy Astrophysical Phenomena},
         year = 2015,
        month = dec,
       volume = {814},
       number = {2},
          eid = {88},
        pages = {88},
          doi = {10.1088/0004-637X/814/2/88},
archivePrefix = {arXiv},
       eprint = {1509.07474},
 primaryClass = {astro-ph.HE},
       adsurl = {https://ui.adsabs.harvard.edu/abs/2015ApJ...814...88S},
      adsnote = {Provided by the SAO/NASA Astrophysics Data System}
}

@ARTICLE{2020SwihartRedback,
       author = {{Swihart}, Samuel J. and {Strader}, Jay and {Urquhart}, Ryan and
         {Orosz}, Jerome A. and {Shishkovsky}, Laura and {Chomiuk}, Laura and
         {Salinas}, Ricardo and {Aydi}, Elias and {Dage}, Kristen C. and
         {Kawash}, Adam M.},
        title = "{A New Likely Redback Millisecond Pulsar Binary with a Massive Neutron Star: 4FGL J2333.1-5527}",
      journal = {\apj},
     keywords = {Astrophysics - High Energy Astrophysical Phenomena},
         year = 2020,
        month = mar,
       volume = {892},
       number = {1},
          eid = {21},
        pages = {21},
          doi = {10.3847/1538-4357/ab77ba},
archivePrefix = {arXiv},
       eprint = {1912.02264},
 primaryClass = {astro-ph.HE},
       adsurl = {https://ui.adsabs.harvard.edu/abs/2020ApJ...892...21S},
      adsnote = {Provided by the SAO/NASA Astrophysics Data System}
}

@ARTICLE{Hui2015PSR2219,
       author = {{Hui}, C.~Y. and {Hu}, C.~P. and {Park}, S.~M. and {Takata}, J. and
         {Li}, K.~L. and {Tam}, P.~H.~T. and {Lin}, L.~C.~C. and
         {Kong}, A.~K.~H. and {Cheng}, K.~S. and {Kim}, Chunglee},
        title = "{Exploring the Intrabinary Shock from the Redback Millisecond Pulsar PSR J2129-0429}",
      journal = {\apjl},
     keywords = {gamma rays: stars, pulsars: individual: PSR J2129-0429, X-rays: binaries, Astrophysics - High Energy Astrophysical Phenomena},
         year = 2015,
        month = mar,
       volume = {801},
       number = {2},
          eid = {L27},
        pages = {L27},
          doi = {10.1088/2041-8205/801/2/L27},
archivePrefix = {arXiv},
       eprint = {1502.03889},
 primaryClass = {astro-ph.HE},
       adsurl = {https://ui.adsabs.harvard.edu/abs/2015ApJ...801L..27H},
      adsnote = {Provided by the SAO/NASA Astrophysics Data System}
}

@ARTICLE{hansen2013extintion,
       author = {{Hansen}, B.~M.~S. and {Kalirai}, J.~S. and {Anderson}, J. and
         {Dotter}, A. and {Richer}, H.~B. and {Rich}, R.~M. and {Shara}, M.~M. and
         {Fahlman}, G.~G. and {Hurley}, J.~R. and {King}, I.~R. and
         {Reitzel}, D. and {Stetson}, P.~B.},
        title = "{An age difference of two billion years between a metal-rich and a metal-poor globular cluster}",
      journal = {\nat},
     keywords = {Astrophysics - Solar and Stellar Astrophysics, Astrophysics - Astrophysics of Galaxies},
         year = 2013,
        month = aug,
       volume = {500},
       number = {7460},
        pages = {51-53},
          doi = {10.1038/nature12334},
archivePrefix = {arXiv},
       eprint = {1308.0032},
 primaryClass = {astro-ph.SR},
       adsurl = {https://ui.adsabs.harvard.edu/abs/2013Natur.500...51H},
      adsnote = {Provided by the SAO/NASA Astrophysics Data System}
}

@ARTICLE{Baluev,
       author = {{Baluev}, R.~V.},
        title = "{Assessing the statistical significance of periodogram peaks}",
      journal = {\mnras},
     keywords = {methods: data analysis, methods: statistical, surveys, Astrophysics},
         year = 2008,
        month = apr,
       volume = {385},
       number = {3},
        pages = {1279-1285},
          doi = {10.1111/j.1365-2966.2008.12689.x},
archivePrefix = {arXiv},
       eprint = {0711.0330},
 primaryClass = {astro-ph},
       adsurl = {https://ui.adsabs.harvard.edu/abs/2008MNRAS.385.1279B},
      adsnote = {Provided by the SAO/NASA Astrophysics Data System}
}

@ARTICLE{pdmbeta97,
       author = {{Schwarzenberg-Czerny}, A.},
        title = "{The Correct Probability Distribution for the Phase Dispersion Minimization Periodogram}",
      journal = {\apj},
     keywords = {Stars: Binaries: Eclipsing, Methods: Data Analysis, Methods: Statistical, Stars: Pulsars: General, Stars: Oscillations, X-Rays: Stars},
         year = 1997,
        month = nov,
       volume = {489},
       number = {2},
        pages = {941-945},
          doi = {10.1086/304832},
       adsurl = {https://ui.adsabs.harvard.edu/abs/1997ApJ...489..941S},
      adsnote = {Provided by the SAO/NASA Astrophysics Data System}
}

@BOOK{1992PressNumMethods,
       author = {{Press}, William H. and {Teukolsky}, Saul A. and
         {Vetterling}, William T. and {Flannery}, Brian P.},
        title = "{Numerical recipes in C. The art of scientific computing}",
         year = 1992,
       adsurl = {https://ui.adsabs.harvard.edu/abs/1992nrca.book.....P},
      adsnote = {Provided by the SAO/NASA Astrophysics Data System}
}

@ARTICLE{HorneLombFreq1986,
       author = {{Horne}, J.~H. and {Baliunas}, S.~L.},
        title = "{A Prescription for Period Analysis of Unevenly Sampled Time Series}",
      journal = {\apj},
     keywords = {Computational Astrophysics, Periodic Functions, Time Series Analysis, Fourier Analysis, Probability Distribution Functions, Sampling, Signal To Noise Ratios, Variance (Statistics), NUMERICAL ANALYSIS, NUMERICAL METHODS},
         year = 1986,
        month = mar,
       volume = {302},
        pages = {757},
          doi = {10.1086/164037},
       adsurl = {https://ui.adsabs.harvard.edu/abs/1986ApJ...302..757H},
      adsnote = {Provided by the SAO/NASA Astrophysics Data System}
}

@ARTICLE{Cumming2004,
       author = {{Cumming}, Andrew},
        title = "{Detectability of extrasolar planets in radial velocity surveys}",
      journal = {\mnras},
     keywords = {methods: statistical, binaries: spectroscopic, planetary systems, Astrophysics},
         year = 2004,
        month = nov,
       volume = {354},
       number = {4},
        pages = {1165-1176},
          doi = {10.1111/j.1365-2966.2004.08275.x},
archivePrefix = {arXiv},
       eprint = {astro-ph/0408470},
 primaryClass = {astro-ph},
       adsurl = {https://ui.adsabs.harvard.edu/abs/2004MNRAS.354.1165C},
      adsnote = {Provided by the SAO/NASA Astrophysics Data System}
}

@INPROCEEDINGS{GuidePeriodSearch2003,
       author = {{Schwarzenberg-Czerny}, A.},
        title = "{An astronomer's guide to period searching}",
    booktitle = {Interplay of Periodic, Cyclic and Stochastic Variability in Selected Areas of the H-R Diagram},
         year = 2003,
       editor = {{Sterken}, C.},
       series = {Astronomical Society of the Pacific Conference Series},
       volume = {292},
        month = mar,
        pages = {383},
       adsurl = {https://ui.adsabs.harvard.edu/abs/2003ASPC..292..383S},
      adsnote = {Provided by the SAO/NASA Astrophysics Data System}
}



@ARTICLE{Fruchter88b,
       author = {{Fruchter}, A.~S. and {Gunn}, J.~E. and {Lauer}, T.~R. and
         {Dressler}, A.},
        title = "{Optical detection and characterization of the eclipsing pulsar's companion}",
      journal = {\nat},
     keywords = {Companion Stars, Optical Measurement, Pulsars, Astronomical Maps, Light Curve, Stellar Color, Stellar Spectrophotometry, Astrophysics},
         year = 1988,
        month = aug,
       volume = {334},
       number = {6184},
        pages = {686-689},
          doi = {10.1038/334686a0},
       adsurl = {https://ui.adsabs.harvard.edu/abs/1988Natur.334..686F},
      adsnote = {Provided by the SAO/NASA Astrophysics Data System}
}
@ARTICLE{Cho2018,
       author = {{Cho}, Patricia B. and {Halpern}, Jules P. and {Bogdanov}, Slavko},
        title = "{Variable Heating and Flaring of Three Redback Millisecond Pulsar Companions}",
      journal = {\apj},
     keywords = {gamma rays: stars, pulsars: individual: XMMU J083850.38{\ensuremath{-}}282756.8, PSR J1048+2339, PSR J1628{\ensuremath{-}}3205, Astrophysics - High Energy Astrophysical Phenomena},
         year = 2018,
        month = oct,
       volume = {866},
       number = {1},
          eid = {71},
        pages = {71},
          doi = {10.3847/1538-4357/aade92},
archivePrefix = {arXiv},
       eprint = {1809.00215},
 primaryClass = {astro-ph.HE},
       adsurl = {https://ui.adsabs.harvard.edu/abs/2018ApJ...866...71C},
      adsnote = {Provided by the SAO/NASA Astrophysics Data System}
}

@ARTICLE{Kandel20,
       author = {{Kandel}, D. and {Romani}, Roger W.},
        title = "{Atmospheric Circulation on Black Widow Companions}",
      journal = {\apj},
     keywords = {Astrophysics - High Energy Astrophysical Phenomena},
         year = 2020,
        month = apr,
       volume = {892},
       number = {2},
          eid = {101},
        pages = {101},
          doi = {10.3847/1538-4357/ab7b62},
archivePrefix = {arXiv},
       eprint = {2002.12483},
 primaryClass = {astro-ph.HE},
       adsurl = {https://ui.adsabs.harvard.edu/abs/2020ApJ...892..101K},
      adsnote = {Provided by the SAO/NASA Astrophysics Data System}
}

@ARTICLE{Thorstensen2005,
       author = {{Thorstensen}, John R. and {Armstrong}, Eve},
        title = "{Is FIRST J102347.6+003841 Really a Cataclysmic Binary?}",
      journal = {\aj},
     keywords = {Stars: Binaries: Close, Stars: Novae, Cataclysmic Variables, Stars: Individual: Alphanumeric: FIRST J102347.6+003841, Stars: Neutron, Astrophysics},
         year = 2005,
        month = aug,
       volume = {130},
       number = {2},
        pages = {759-766},
          doi = {10.1086/431326},
archivePrefix = {arXiv},
       eprint = {astro-ph/0504523},
 primaryClass = {astro-ph},
       adsurl = {https://ui.adsabs.harvard.edu/abs/2005AJ....130..759T},
      adsnote = {Provided by the SAO/NASA Astrophysics Data System}
}

@ARTICLE{Guedel1993,
       author = {{Guedel}, Manuel and {Benz}, Arnold O.},
        title = "{X-Ray/Microwave Relation of Different Types of Active Stars}",
      journal = {\apjl},
     keywords = {Late Stars, Microwave Emission, Stellar Coronas, Stellar Physics, X Ray Sources, Particle Acceleration, Plasma Heating, Stellar Luminosity, Astrophysics, STARS: CORONAE, STARS: LATE-TYPE, RADIO CONTINUUM: STARS, X-RAYS: STARS},
         year = 1993,
        month = mar,
       volume = {405},
        pages = {L63},
          doi = {10.1086/186766},
       adsurl = {https://ui.adsabs.harvard.edu/abs/1993ApJ...405L..63G},
      adsnote = {Provided by the SAO/NASA Astrophysics Data System}
}



@ARTICLE{Nemec1985,
       author = {{Linnell Nemec}, A.~F. and {Nemec}, J.~M.},
        title = "{A test of significance for periods derived using phase-dispersion-minimization techniques.}",
      journal = {\aj},
     keywords = {Globular Clusters, Periodic Variations, Statistical Tests, Stellar Oscillations, T Tauri Stars, Variable Stars, Dwarf Galaxies, Optimization, Signal To Noise Ratios, Astrophysics},
         year = 1985,
        month = nov,
       volume = {90},
        pages = {2317-2320},
          doi = {10.1086/113936},
       adsurl = {https://ui.adsabs.harvard.edu/abs/1985AJ.....90.2317L},
      adsnote = {Provided by the SAO/NASA Astrophysics Data System}
}

@ARTICLE{2003SciStapper,
       author = {{Stappers}, B.~W. and {Gaensler}, B.~M. and {Kaspi}, V.~M. and
         {van der Klis}, M. and {Lewin}, W.~H.~G.},
        title = "{An X-ray nebula associated with the millisecond pulsar B1957+20.}",
      journal = {Science},
     keywords = {Astrophysics},
         year = 2003,
        month = jan,
       volume = {299},
        pages = {1372-1374},
          doi = {10.1126/science.1079841},
archivePrefix = {arXiv},
       eprint = {astro-ph/0302588},
 primaryClass = {astro-ph},
       adsurl = {https://ui.adsabs.harvard.edu/abs/2003Sci...299.1372S},
      adsnote = {Provided by the SAO/NASA Astrophysics Data System}
}

@ARTICLE{LilianaPulsar2018,
       author = {{Rivera Sandoval}, L.~E. and {Hern{\'a}ndez Santisteban}, J.~V. and
         {Degenaar}, N. and {Wijnands}, R. and {Knigge}, C. and {Miller}, J.~M. and
         {Reynolds}, M. and {Altamirano}, D. and {van den Berg}, M. and
         {Hill}, A.},
        title = "{Mid-UV studies of the transitional millisecond pulsars XSS J12270-4859 and PSR J1023+0038 during their radio pulsar states}",
      journal = {\mnras},
     keywords = {stars: neutron, pulsars: general, pulsars: individual: XSS J12270-4859, pulsars: individual: PSR J1023+0038, ultraviolet: stars, X-rays binaries, Astrophysics - High Energy Astrophysical Phenomena, Astrophysics - Solar and Stellar Astrophysics},
         year = 2018,
        month = may,
       volume = {476},
       number = {1},
        pages = {1086-1099},
          doi = {10.1093/mnras/sty291},
archivePrefix = {arXiv},
       eprint = {1708.07041},
 primaryClass = {astro-ph.HE},
       adsurl = {https://ui.adsabs.harvard.edu/abs/2018MNRAS.476.1086R},
      adsnote = {Provided by the SAO/NASA Astrophysics Data System}
}

@ARTICLE{Liliana201847Tuc,
       author = {{Rivera Sandoval}, L.~E. and {van den Berg}, M. and {Heinke}, C.~O. and
         {Cohn}, H.~N. and {Lugger}, P.~M. and {Anderson}, J. and {Cool}, A.~M. and
         {Edmonds}, P.~D. and {Wijnands}, R. and {Ivanova}, N. and
         {Grindlay}, J.~E.},
        title = "{New cataclysmic variables and other exotic binaries in the globular cluster 47 Tucanae$^{*}$}",
      journal = {\mnras},
     keywords = {binaries: general, novae, cataclysmic variables, white dwarfs, globular clusters: individual, Astrophysics - Solar and Stellar Astrophysics, Astrophysics - Astrophysics of Galaxies, Astrophysics - High Energy Astrophysical Phenomena},
         year = 2018,
        month = apr,
       volume = {475},
       number = {4},
        pages = {4841-4867},
          doi = {10.1093/mnras/sty058},
archivePrefix = {arXiv},
       eprint = {1705.07100},
 primaryClass = {astro-ph.SR},
       adsurl = {https://ui.adsabs.harvard.edu/abs/2018MNRAS.475.4841R},
      adsnote = {Provided by the SAO/NASA Astrophysics Data System}
}

@ARTICLE{Timmer1995Rednoise,
       author = {{Timmer}, J. and {Koenig}, M.},
        title = "{On generating power law noise.}",
      journal = {\aap},
     keywords = {X-RAYS: GALAXIES, METHODS: STATISTICAL},
         year = 1995,
        month = aug,
       volume = {300},
        pages = {707},
       adsurl = {https://ui.adsabs.harvard.edu/abs/1995A&A...300..707T},
      adsnote = {Provided by the SAO/NASA Astrophysics Data System}
}

@ARTICLE{Press1978RedNoise,
       author = {{Press}, W.~H.},
        title = "{Flicker noises in astronomy and elsewhere.}",
      journal = {Comments on Astrophysics},
     keywords = {Flicker, Noise Spectra, Power Spectra, Radio Astronomy, Very Low Frequencies, Fourier Transformation, Radio Sources (Astronomy), Random Noise, Random Walk, Signal Analysis, Signal To Noise Ratios, White Noise, Astronomy, Theoretical Astrophysics, Gravitational Instability, Neutrino Astronomy, Infrared Astronomy, X-Ray Astronomy, Gamma-Ray Astronomy, Element Abundances, Elements:Origin},
         year = 1978,
        month = jan,
       volume = {7},
       number = {4},
        pages = {103-119},
       adsurl = {https://ui.adsabs.harvard.edu/abs/1978ComAp...7..103P},
      adsnote = {Provided by the SAO/NASA Astrophysics Data System}
}

@ARTICLE{Callanan95,
       author = {{Callanan}, Paul J. and {van Paradijs}, Jan and {Rengelink}, Roeland},
        title = "{The Orbital Light Curve of PSR 1957+20}",
      journal = {\apj},
     keywords = {Light Curve, Neutron Stars, Pulsars, Stellar Models, X Ray Binaries, Orbital Elements, Stellar Spectrophotometry, Astrophysics, STARS: BINARIES: CLOSE, STARS: NEUTRON, STARS: PULSARS: INDIVIDUAL ALPHANUMERIC: PSR 1957, 20},
         year = 1995,
        month = feb,
       volume = {439},
        pages = {928},
          doi = {10.1086/175229},
       adsurl = {https://ui.adsabs.harvard.edu/abs/1995ApJ...439..928C},
      adsnote = {Provided by the SAO/NASA Astrophysics Data System}
}

@ARTICLE{Romani16,
       author = {{Romani}, Roger W. and {Sanchez}, Nicolas},
        title = "{Intra-binary Shock Heating of Black Widow Companions}",
      journal = {\apj},
     keywords = {binaries: close, gamma rays: stars, pulsars: general, pulsars: individual: J2215+5135, Astrophysics - High Energy Astrophysical Phenomena},
         year = 2016,
        month = sep,
       volume = {828},
       number = {1},
          eid = {7},
        pages = {7},
          doi = {10.3847/0004-637X/828/1/7},
archivePrefix = {arXiv},
       eprint = {1606.03518},
 primaryClass = {astro-ph.HE},
       adsurl = {https://ui.adsabs.harvard.edu/abs/2016ApJ...828....7R},
      adsnote = {Provided by the SAO/NASA Astrophysics Data System}
}

@ARTICLE{Strader2015,
       author = {{Strader}, Jay and {Chomiuk}, Laura and {Cheung}, C.~C. and {Sand
        }, David J. and {Donato}, Davide and {Corbet}, Robin H.~D. and
         {Koeppe}, Dana and {Edwards}, Philip G. and {Stevens}, Jamie and
         {Petrov}, Leonid and {Salinas}, Ricardo and {Peacock}, Mark and
         {Finzell}, Thomas and {Reichart}, Daniel E. and {Haislip}, Joshua B.},
        title = "{1FGL J1417.7-4407: A Likely Gamma-Ray Bright Binary with a Massive Neutron Star and a Giant Secondary}",
      journal = {\apjl},
     keywords = {binaries: spectroscopic, gamma rays: general, pulsars: general, X-rays: binaries, X-rays: general, Astrophysics - High Energy Astrophysical Phenomena, Astrophysics - Solar and Stellar Astrophysics},
         year = 2015,
        month = may,
       volume = {804},
       number = {1},
          eid = {L12},
        pages = {L12},
          doi = {10.1088/2041-8205/804/1/L12},
archivePrefix = {arXiv},
       eprint = {1502.05999},
 primaryClass = {astro-ph.HE},
       adsurl = {https://ui.adsabs.harvard.edu/abs/2015ApJ...804L..12S},
      adsnote = {Provided by the SAO/NASA Astrophysics Data System}
}

@ARTICLE{Swihart2018,
       author = {{Swihart}, Samuel J. and {Strader}, Jay and {Shishkovsky}, Laura and
         {Chomiuk}, Laura and {Bahramian}, Arash and {Heinke}, Craig O. and
         {Miller-Jones}, James C.~A. and {Edwards}, Philip G. and
         {Cheung}, C.~C.},
        title = "{A Multiwavelength View of the Neutron Star Binary 1FGL J1417.7-4402: A Progenitor to Canonical Millisecond Pulsars}",
      journal = {\apj},
     keywords = {binaries: spectroscopic, pulsars: general, radio continuum: general, X-rays: binaries, X-rays: general, Astrophysics - High Energy Astrophysical Phenomena},
         year = 2018,
        month = oct,
       volume = {866},
       number = {2},
          eid = {83},
        pages = {83},
          doi = {10.3847/1538-4357/aadcab},
archivePrefix = {arXiv},
       eprint = {1808.07101},
 primaryClass = {astro-ph.HE},
       adsurl = {https://ui.adsabs.harvard.edu/abs/2018ApJ...866...83S},
      adsnote = {Provided by the SAO/NASA Astrophysics Data System}
}

@ARTICLE{Swihart2017,
       author = {{Swihart}, Samuel J. and {Strader}, Jay and {Johnson}, Tyrel J. and
         {Cheung}, C.~C. and {Sand}, David and {Chomiuk}, Laura and
         {Wasserman}, Asher and {Larsen}, S{\o}ren and {Brodie}, Jean P. and
         {Simonian}, Gregory V. and {Tremou}, Evangelia and
         {Shishkovsky}, Laura and {Reichart}, Daniel E. and {Haislip}, Joshua},
        title = "{2FGL J0846.0+2820: A New Neutron Star Binary with a Giant Secondary and Variable {\ensuremath{\gamma}}-Ray Emission}",
      journal = {\apj},
     keywords = {binaries: spectroscopic, gamma rays: general, pulsars: general, Astrophysics - High Energy Astrophysical Phenomena},
         year = 2017,
        month = dec,
       volume = {851},
       number = {1},
          eid = {31},
        pages = {31},
          doi = {10.3847/1538-4357/aa9937},
archivePrefix = {arXiv},
       eprint = {1711.02077},
 primaryClass = {astro-ph.HE},
       adsurl = {https://ui.adsabs.harvard.edu/abs/2017ApJ...851...31S},
      adsnote = {Provided by the SAO/NASA Astrophysics Data System}
}
@ARTICLE{Zavlin96,
       author = {{Zavlin}, V.~E. and {Pavlov}, G.~G. and {Shibanov}, Yu. A.},
        title = "{Model neutron star atmospheres with low magnetic fields. I. Atmospheres in radiative equilibrium.}",
      journal = {\aap},
     keywords = {STARS: NEUTRON, DENSE MATTER, MAGNETIC FIELDS, RADIATIVE TRANSFER, RADIATION MECHANISMS: THERMAL, Astrophysics},
         year = 1996,
        month = nov,
       volume = {315},
        pages = {141-152},
archivePrefix = {arXiv},
       eprint = {astro-ph/9604072},
 primaryClass = {astro-ph},
       adsurl = {https://ui.adsabs.harvard.edu/abs/1996A&A...315..141Z},
      adsnote = {Provided by the SAO/NASA Astrophysics Data System}
}
@ARTICLE{Zavlin02,
       author = {{Zavlin}, V.~E. and {Pavlov}, G.~G. and {Sanwal}, D. and
         {Manchester}, R.~N. and {Tr{\"u}mper}, J. and {Halpern}, J.~P. and
         {Becker}, W.},
        title = "{X-Radiation from the Millisecond Pulsar J0437-4715}",
      journal = {\apj},
     keywords = {Stars: Pulsars: Individual: Alphanumeric: PSR J0437-4715, Stars: Neutron, X-Rays: Stars, Astrophysics},
         year = 2002,
        month = apr,
       volume = {569},
       number = {2},
        pages = {894-902},
          doi = {10.1086/339351},
archivePrefix = {arXiv},
       eprint = {astro-ph/0112544},
 primaryClass = {astro-ph},
       adsurl = {https://ui.adsabs.harvard.edu/abs/2002ApJ...569..894Z},
      adsnote = {Provided by the SAO/NASA Astrophysics Data System}
}


@ARTICLE{EggletonRoche1983,
       author = {{Eggleton}, P.~P.},
        title = "{Aproximations to the radii of Roche lobes.}",
      journal = {\apj},
     keywords = {Binary Stars, Celestial Mechanics, Orbital Elements, Roche Limit, Mass Ratios, Radii, Astrophysics},
         year = 1983,
        month = may,
       volume = {268},
        pages = {368-369},
          doi = {10.1086/160960},
       adsurl = {https://ui.adsabs.harvard.edu/abs/1983ApJ...268..368E},
      adsnote = {Provided by the SAO/NASA Astrophysics Data System}
}

@ARTICLE{Knigge2011,
       author = {{Knigge}, Christian and {Baraffe}, Isabelle and {Patterson}, Joseph},
        title = "{The Evolution of Cataclysmic Variables as Revealed by Their Donor Stars}",
      journal = {\apjs},
     keywords = {novae, cataclysmic variables, stars: fundamental parameters, Astrophysics - Solar and Stellar Astrophysics, Astrophysics - Astrophysics of Galaxies, Astrophysics - High Energy Astrophysical Phenomena},
         year = 2011,
        month = jun,
       volume = {194},
       number = {2},
          eid = {28},
        pages = {28},
          doi = {10.1088/0067-0049/194/2/28},
archivePrefix = {arXiv},
       eprint = {1102.2440},
 primaryClass = {astro-ph.SR},
       adsurl = {https://ui.adsabs.harvard.edu/abs/2011ApJS..194...28K},
      adsnote = {Provided by the SAO/NASA Astrophysics Data System}
}

@ARTICLE{Paczy1971,
       author = {{Paczy{\'n}ski}, B.},
        title = "{Evolutionary Processes in Close Binary Systems}",
      journal = {\araa},
         year = 1971,
        month = jan,
       volume = {9},
        pages = {183},
          doi = {10.1146/annurev.aa.09.090171.001151},
       adsurl = {https://ui.adsabs.harvard.edu/abs/1971ARA&A...9..183P},
      adsnote = {Provided by the SAO/NASA Astrophysics Data System}
}

@ARTICLE{Ritter2003Cat,
       author = {{Ritter}, H. and {Kolb}, U.},
        title = "{Catalogue of cataclysmic binaries, low-mass X-ray binaries   and related objects (Seventh edition)}",
      journal = {\aap},
     keywords = {catalogs, stars: novae, cataclysmic variables, stars: binaries: close, Astrophysics},
         year = 2003,
        month = jun,
       volume = {404},
        pages = {301-303},
          doi = {10.1051/0004-6361:20030330},
archivePrefix = {arXiv},
       eprint = {astro-ph/0301444},
 primaryClass = {astro-ph},
       adsurl = {https://ui.adsabs.harvard.edu/abs/2003A&A...404..301R},
      adsnote = {Provided by the SAO/NASA Astrophysics Data System}
}

@ARTICLE{Possenti2002,
       author = {{Possenti}, A. and {Cerutti}, R. and {Colpi}, M. and {Mereghetti}, S.},
        title = "{Re-examining the X-ray versus spin-down luminosity correlation of rotation powered pulsars}",
      journal = {\aap},
     keywords = {radiation mechanisms: non-thermal, star: neutron, stars: pulsar: general, X-rays: general, gamma -rays: observations, Astrophysics},
         year = 2002,
        month = jun,
       volume = {387},
        pages = {993-1002},
          doi = {10.1051/0004-6361:20020472},
archivePrefix = {arXiv},
       eprint = {astro-ph/0109452},
 primaryClass = {astro-ph},
       adsurl = {https://ui.adsabs.harvard.edu/abs/2002A&A...387..993P},
      adsnote = {Provided by the SAO/NASA Astrophysics Data System}
}

@ARTICLE{Mamajek2013,
       author = {{Pecaut}, Mark J. and {Mamajek}, Eric E.},
        title = "{Intrinsic Colors, Temperatures, and Bolometric Corrections of Pre-main-sequence Stars}",
      journal = {\apjs},
     keywords = {open clusters and associations: individual: {\ensuremath{\eta}} Cha cluster TW Hydra Association {\ensuremath{\beta}} Pic Moving Group Tucana-Horologium Association, stars: fundamental parameters, stars: pre-main sequence, Astrophysics - Solar and Stellar Astrophysics},
         year = 2013,
        month = sep,
       volume = {208},
       number = {1},
          eid = {9},
        pages = {9},
          doi = {10.1088/0067-0049/208/1/9},
archivePrefix = {arXiv},
       eprint = {1307.2657},
 primaryClass = {astro-ph.SR},
       adsurl = {https://ui.adsabs.harvard.edu/abs/2013ApJS..208....9P},
      adsnote = {Provided by the SAO/NASA Astrophysics Data System}
}

@ARTICLE{Baglio2016,
       author = {{Baglio}, M.~C. and {D'Avanzo}, P. and {Campana}, S. and {Coti Zelati}, F. and {Covino}, S. and {Russell}, D.~M.},
        title = "{Different twins in the millisecond pulsar recycling scenario: Optical polarimetry of PSR J1023+0038 and XSS J12270-4859}",
      journal = {\aap},
     keywords = {stars: neutron, polarization, X-rays: binaries, stars: jets, Astrophysics - Solar and Stellar Astrophysics, Astrophysics - High Energy Astrophysical Phenomena},
         year = 2016,
        month = jun,
       volume = {591},
          eid = {A101},
        pages = {A101},
          doi = {10.1051/0004-6361/201628383},
archivePrefix = {arXiv},
       eprint = {1605.00653},
 primaryClass = {astro-ph.SR},
       adsurl = {https://ui.adsabs.harvard.edu/abs/2016A&A...591A.101B},
      adsnote = {Provided by the SAO/NASA Astrophysics Data System}
}

